% -Lock-in
@book{meade13,
    author    = "M.L. Meade",
	title     = "Lock-in amplifiers:principles and applications",
    year      = "2013",
    publisher = "e-edition",
    address   = "Bedford, UK"
}
@article{alfano82,
   author = "L. Alfano and E. Carrara and G. Pascale and A. Rapolla and N. Rorberti",
   title = "Analysis procedure and equipment for deep geoelectrical soundings in noisy areas",
   journal = "Geothermics",
   year = "1982",
   volume = "11",
   number = "4", 
   eid ="",
   pages = "269-280",
   url = " " 
}

@article{tarasov13,
   author = "Andrey Tarasov and Konstantin Titov",
   title = "On the use of the Cole-Cole equations in spectral induced polarization",
   journal = "Geophysical Journal International",
   year = "2013",
   volume = "195",
   number = "", 
   eid ="",
   pages = "352-356",
   url = "http://gji.oxfordjournals.org/content/195/1/352.full.pdf+html"
}

@Article{weller96,
author ="A. Weller and M. Seichter and A. Kampke",
title  ="Induced-polarization modelling using complex electrical
conductivities",
journal  ="Geophysical Journal International",
year  ="1994",
volume  ="127",
issue  ="2",
pages  ="387-398",
url  ="http://gji.oxfordjournals.org/content/127/2/387.full.pdf+html",
}

@Article{edmundo14,
author ="Edmundo Placencia-G\'omez and Annika Parviainen and Lee Slater and Jussi Leveinen",
title  ="Spectral induced polarization (SIP) response of mine tailings",
journal  ="Journal of Contaminant Hydrology",
year  ="2014",
volume  ="173",
issue  ="",
pages  ="8-24",
url  ="http://dx.doi.org/10.1016/j.jconhyd.2014.12.002",
}

@article{sandor11,
	author="S\'andor Szalai and Attila Nov\'ak and L\'aszl\'o Szarka",
	title="Which Geoel\'ectric array sees the deepest in a urban environment? Depth of detectability values at multielectrode systems for various two-dimensional models",
	journal="Physics and Chemistry of the Earth Parts A/B/C",
    volume =       "36",
    number =       "16",
    pages =        "1398-1404",
    year =         "2011",
	url="http://www.sciencedirect.com/science/article/pii/S1474706511000180"
}

@book{telford90,
    author    = "William Murray Telford and W. M. Telford and L. P. Geldart and Robert E. Sheriff",
	title     = "Applied Geophysics",
    year      = "1990",
    publisher = "",
    pages	  = "770",
    ISBN   = "0521339383, 9780521339384"
}

@article{cole41,
   author = "Cole, Kenneth S. and Cole, Robert H.",
   title = "Dispersion and Absorption in Dielectrics I. Alternating Current Characteristics",
   journal = "The Journal of Chemical Physics",
   year = "1941",
   volume = "9",
   number = "4", 
   eid ="",
   pages = "341-351",
   url = "http://scitation.aip.org/content/aip/journal/jcp/9/4/10.1063/1.1750906",
   doi = "http://dx.doi.org/10.1063/1.1750906" 
}
%------------------------------------------------------------------------------------------------------------------------

% -Geofisica Urbana
@article{lambo07,
	author="Lanbo Liu and L S Chan",
	title="Sustainable urban development and geophysics",
	journal="Journal of Geophysics and Engineering",
    volume =       "4",
    number =       "3",
    pages =        "243",
    year =         "2007",
	url="http://stacks.iop.org/1742-2140/4/i=3/a=E01"
}

 

% Teoria Condutividade Complexa, função da frequencia.
@book{griffths99,
    author    = "David J. Griffths",
	title     = "Introduction to Eletrodynamics",
    year      = "1999",
    publisher = "3rd",
    pages	  = "562",
    address   = ""
}



@book{balanis,
    author    = "Constantine A. Balanis",
	title     = "Advanced Engineering Eletromagnetics",
    year      = "1989",
    publisher = "",
    pages	  = "",
    address   = "Arizona State University"
}

@InProceedings{lesmes2000,
   author = "David Lesmes and John and Kevin Frye",
   title = "A physiochemical of Cole-Cole interpretation Dielectric Model",
   journal = "Symposium on the Application of Geophysics to Engineering and Environmental Problems 2000",
   year = "2000",
   eid = "",
   pages = "1255",
   url = "http://dx.doi.org/10.1190/SAGEEP.13"
}

% -Modelos dispersivos - enfase nos Cole


@article{andrew99,
   author = "Andrew K Jonscher",
   title = "Dielectric relaxation in solids",
   journal = "Journal of Physics D: Applied Physics",
   year = "1999",
   volume = "32",
   number = "14", 
   eid ="",
   pages = "R57–R70",
   doi = "http://iopscience.iop.org/0022-3727/32/14/201" 
}
%http://www.sciencedirect.com/science/article/pii/016773229380018Q vale a pena olhar
%Propriedades do meio geologico - Parametros de Cole

@article{binley05,
   author = "Andrew Binley and Lee Slater and Melanie Fukies and Giorgio Cassiani",
   title = "Relationship between spectral induced polarization and hydraulic properties of saturated and unsaturated sandstone",
   journal = "Water Resources Research",
   year = "2005",
   volume = "41",
   number = "12", 
   eid ="",
   pages = "",
   url = "http://onlinelibrary.wiley.com/doi/10.1029/2005WR004202/full" 
}


@article{zisser10,
   author = "Norbert Zisser and Andreas Kemna and Georg Nover",
   title = "Relationship between low-frequency electrical properties and hydraulic permeability of low-permeability sandstones",
   journal = "Geophysics",
   year = "2010",
   volume = "73",
   number = "3", 
   eid ="",
   pages = "131-141",
   url = "http://library.seg.org/doi/abs/10.1190/1.3413260" 
}

@article{slater02,
   author = "Lee D. Slater and David Lesmes",
   title = "IP interpretation in environmental investigations",
   journal = "Geophysics",
   year = "2002",
   volume = "67",
   number = "1", 
   eid ="",
   pages = "77-88",
   url = "http://library.seg.org/doi/abs/10.1190/1.1451353" 
}


%Acoplamento Indutivo Cole-Cole


@article{pelton78,
   author = "Pelton and  S. H. Ward and P. G. Hallof and W. R. Sill",
   title = "Mineral discrimination and removal of inductive coupling with multifrequency IP",
   journal = "Geophysics",
   year = "1978",
   volume = "43",
   number = "3", 
   eid ="",
   pages = "588-609",
   url = "http://geophysics.geoscienceworld.org/content/43/3/588.full.pdf+html"
}

@article{Jiamping02,
   author = "Jiamping Xiang and N. B. Jones and Diazhan Cheng and F. S. Schlindwein",
   title = "A new method to discriminate between a valid IP response and EM coupling effects",
   journal = "Geophysical Prospecting",
   year = "2002",
   volume = "50",
   number = "", 
   eid ="",
   pages = "565-576"
   
}
% -Validacao do Modelo de Cole-Cole, mt foda =]
%cita esse:http://scitation.aip.org/content/aip/journal/jcp/19/12/10.1063/1.1748105
@article{colecoleinsemicond98,
   author = "Jeon, Tae-In and Grischkowsky, D.",
   title = "Observation of a Cole–Davidson type complex conductivity in the limit of very low carrier densities in doped silicon",
   journal = "Applied Physics Letters",
   year = "1998",
   volume = "72",
   number = "18", 
   eid ="",
   pages = "2259-2261",
   url = "http://scitation.aip.org/content/aip/journal/apl/72/18/10.1063/1.121271",
   doi = "http://dx.doi.org/10.1063/1.121271" 
}

@article{colecoleinpolymer86,
   author = "    S Havriliak Jr. and D.G Watts",
   title = "Comparing graphical and statistical methods for analysing dielectric dispersions of polymers represented in the complex plane",
   journal = "Polymer",
   year = "1986",
   volume = "27",
   number = "10", 
   eid ="",
   pages = "1509–1512",
   url = "http://www.sciencedirect.com/science/article/pii/0032386186900960" 
}
@Article{colecoleinglass94,
author ="Johari, G. P. and Wasylyshyn, D. A. and Jain, S. K.",
title  ="Conductivity and dielectric relaxation in hydrated fused salts",
journal  ="J. Chem. Soc.{,} Faraday Trans.",
year  ="1994",
volume  ="90",
issue  ="14",
pages  ="2065-2070",
publisher  ="The Royal Society of Chemistry",
doi  ="10.1039/FT9949002065",
url  ="http://dx.doi.org/10.1039/FT9949002065",
}
%__________________Pelton et al., 1978



% -Eletronica
@book{braga91,
    author    = "Newton C. Braga",
	title     = "Circuitos and informa\c{c}\~oes",
    year      = "1991",
    publisher = "6a edi\c{c}\~ao Editora Saber Ltda",
    address   = "Tatuap\'e, S\~ao Paulo"
}

% -Noise

@book{motch93,
    author    = "C. D. Motchenbacher and J. A. Connelly",
	title     = "Low Noise Eletronic Design",
    year      = "1993",
    publisher = "Wiley Interscience",
    pages	  = "422",
    address   = "http://www.wiley.com/WileyCDA/WileyTitle/productCd-0471577421.html"
}

@book{wilmshurst90,
    author    = "T H Wilmshurst",
	title     = "Signal Recovery from noise eletronic instrumentation",
    year      = "1990",
    publisher = "2nd edition",
    pages	  = " ",
    address   = " "
}


% - IP e Resistividade
@Article{donald59,
author ="Donald J. Marshall and Theodore R. Madden",
title  ="Induced Polarization, a study of its causes",
journal  ="Geophysics",
year  ="1959",
volume  ="XXIV",
issue  ="4",
pages  ="790-816",
url  ="",
}


@Article{rhett01,
author ="Rhett Herman",
title  ="An introduction to electrical resistivity in geophysics",
journal  ="Am. J. Physics",
year  ="2001",
volume  ="69",
issue  ="9",
pages  ="943-952",
doi  ="10.1119/1.1378013",
}

@Article{patella76,
author ="D. Patella and D. Schiavone",
title  ="On the determination of the apparent frequency-effect in the frequency-domain induced polarization method",
journal  ="Geoexploration",
year  ="1976",
volume  ="14",
issue  ="",
pages  ="81-91",
url  ="",
}
